<?xml version="1.0" encoding="UTF-8"?><record xmlns="http://www.loc.gov/MARC21/slim" xmlns:cinclude="http://apache.org/cocoon/include/1.0" xmlns:zs="http://www.loc.gov/zing/srw/">
  <leader>00924cz  a2200229n  4500</leader>
  <controlfield tag="001">n  97005456 </controlfield>
  <controlfield tag="003">DLC</controlfield>
  <controlfield tag="005">20100517081603.0</controlfield>
  <controlfield tag="008">970116n| acannaabn          |a ana      </controlfield>
  <datafield tag="010" ind1=" " ind2=" ">
    <subfield code="a">n  97005456 </subfield>
  </datafield>
  <datafield tag="034" ind1=" " ind2=" ">
    <subfield code="d">E0014200</subfield>
    <subfield code="e">E0014200</subfield>
    <subfield code="f">N0411800</subfield>
    <subfield code="g">N0411800</subfield>
    <subfield code="2">geonames</subfield>
  </datafield>
  <datafield tag="035" ind1=" " ind2=" ">
    <subfield code="a">(OCoLC)oca04292504</subfield>
  </datafield>
  <datafield tag="040" ind1=" " ind2=" ">
    <subfield code="a">DLC</subfield>
    <subfield code="b">eng</subfield>
    <subfield code="c">DLC</subfield>
    <subfield code="d">OCoLC</subfield>
  </datafield>
  <datafield tag="043" ind1=" " ind2=" ">
    <subfield code="a">e-sp---</subfield>
  </datafield>
  <datafield tag="151" ind1=" " ind2=" ">
    <subfield code="a">Santa Margarida i els Monjos (Spain)</subfield>
  </datafield>
  <datafield tag="451" ind1=" " ind2=" ">
    <subfield code="a">Monjos (Spain)</subfield>
  </datafield>
  <datafield tag="451" ind1=" " ind2=" ">
    <subfield code="a">Els Monjos (Spain)</subfield>
  </datafield>
  <datafield tag="670" ind1=" " ind2=" ">
    <subfield code="a">La gent i el seu temps, 1993:</subfield>
    <subfield code="b">t.p. (Santa Margarida i els Monjos)</subfield>
  </datafield>
  <datafield tag="670" ind1=" " ind2=" ">
    <subfield code="a">BGN gaz., Spain, 1961</subfield>
    <subfield code="b">(Els Monjos; Monjos; 41°18ʹN, 1°42ʹE; in the province of Barcelona)</subfield>
  </datafield>
  <datafield tag="670" ind1=" " ind2=" ">
    <subfield code="a">Phone call to BGN, Jan. 16, 1997</subfield>
    <subfield code="b">(Els Monjos has been found on later maps to be Santa Margarida i els Monjos)</subfield>
  </datafield>
  <datafield tag="670" ind1=" " ind2=" ">
    <subfield code="a">GeoNames, algorithmically matched, 2009</subfield>
    <subfield code="b">(ppl; 41°18ʹ00ʺN 001°42ʹ00ʺE)</subfield>
  </datafield>
  <datafield tag="781" ind1=" " ind2="0">
    <subfield code="z">Spain</subfield>
    <subfield code="z">Santa Margarida i els Monjos</subfield>
  </datafield>
</record>